=LDR  01856 am a22004213  4500
=001  019223979
=003  Uk
=005  20201127185751.0
=007  cr\mn\024mpada
=008  870814|1755||||ie\\\\\|s\\\\\|||\||eng\\
=FMT  \\$a  BK
=019  x\$a0020990030
=040  \\$aUk$cUk
=100  1\$aA--D--ALL, N.
=245  10$aLetter [signed: N. A--d--all] to the Right Hon. J. P. Esq.; in relation to a National Affair in the House of Commons, on the 1st of November, 1755.
=264  \1$aDublin,$c1755.
=300  \\$a8 pages ;$c(8º)
=336  \\$atext$2rdacontent
=337  \\$acomputer$2rdamedia
=338  \\$aonline$2rdacarrier
=340  \\$m8vo$2rdabf
=859  \\$aXLD$bGOOGLEBOOKS
=883  0\$aLanguage codes assigned by Bayesian analysis of words present in record$d20201028$qUk$c0.9010
=852  4\$cDRT$jDigital Store 8145.aa.5.$aBritish Library$bHMNTS
=985  \\$aCorrected by BSS-generated file for WR# 11/031
=985  \\$aCorrected by MS generated file for WR# 1805-0738
=985  \\$aUpgraded by BSS-generated file for WR2011-1472
=CAT  \\$aBATCH-DCW$b00$c20190125$lBLL01$h0201
=CAT  \\$a1903-1321$c20190319$lBLL01$h1218
=CAT  \\$aW2011-1472$b00$c20201127$lBLL01$h1857
=FIN  \\$aY$d20190125
=LKR  \\$aPAR$lBLL01$r776$b000013232$mLetter [signed: N. A--d--all] to the Right Hon. J. P. Esq.; in relation to a National Affair in the House of Commons, on the 1st of November, 1755.$nLetter [signed: N. A--d--all] to the Right Hon. J. P. Esq.; in relation to a National Affair in the House of Commons, on the 1st of November, 1755.
=DGM  \\$a000013232$bCatBridge variable field
=DRT  \\$aGOOGLEBOOKS
=SRC  \\$aGOOGLEBOOKS$bGoogleBooks_20190124
=STA  \\$aSUPPRESSED$bContent doesnt display in UV - temporarily suppressed (1903-1321)
=OHC  \\$a1
=LAS  \\$aW2011-1472$b00$c20201127$lBLL01$h1857

