=LDR  02483 am a22004333  4500
=001  019223983
=003  Uk
=005  20201127185751.0
=007  cr\mn\024mpada
=008  880323|1840|||||||\\\\|s\\\\\|||\||ita\\
=FMT  \\$a  BK
=019  x\$a0664660150
=040  \\$aUk$cUk
=100  1\$aColonna, Vittoria,$d1492-1547.
=240  10$aPoems
=245  10$aLe Rime di Vittoria Colonna corrette su i testi a penna e pubblicate con la vita della medesima dal cavaliere Pietro Ercole Visconti. Si aggiungono le poesie ommesse nelle precedenti edizioni e le inedite. (Canzone di L. Ariosto scritta in nome di una Gentildonna Romana, e Stanze di Veronica Gambara attribuite erroneamente a V. Colonna.).
=264  \1$aRoma,$c1840.
=300  \\$acxlviii, 472 pages ;$c(8º)
=336  \\$atext$2rdacontent
=337  \\$acomputer$2rdamedia
=338  \\$aonline$2rdacarrier
=340  \\$m8vo$2rdabf
=859  \\$aXLD$bGOOGLEBOOKS
=883  0\$aLanguage codes assigned by Bayesian analysis of words present in record$d20201028$qUk$c0.9010
=852  4\$cDRT$jDigital Store 1463.k.20.$aBritish Library$bHMNTS
=985  \\$aCorrected by BSS-generated file for WR# 11/048
=985  \\$aCorrected by MS generated file for WR# 1805-0738
=985  \\$aUpgraded by BSS-generated file for WR2011-1472
=CAT  \\$aBATCH-DCW$b00$c20190125$lBLL01$h0201
=CAT  \\$a1903-1321$c20190319$lBLL01$h1218
=CAT  \\$aW2011-1472$b00$c20201127$lBLL01$h1857
=FIN  \\$aY$d20190125
=LKR  \\$aPAR$lBLL01$r776$b000753166$mLe Rime di Vittoria Colonna corrette su i testi a penna e pubblicate con la vita della medesima dal cavaliere Pietro Ercole Visconti. Si aggiungono le poesie ommesse nelle precedenti edizioni e le inedite. (Canzone di L. Ariosto scritta in nome di una Gentildonna Romana, e Stanze di Veronica Gambara attribuite erroneamente a V. Colonna.).$nLe Rime di Vittoria Colonna corrette su i testi a penna e pubblicate con la vita della medesima dal cavaliere Pietro Ercole Visconti. Si aggiungono le poesie ommesse nelle precedenti edizioni e le inedite. (Canzone di L. Ariosto scritta in nome di una Gentildonna Romana, e Stanze di Veronica Gambara attribuite erroneamente a V. Colonna.).
=DGM  \\$a000753166$bCatBridge variable field
=DRT  \\$aGOOGLEBOOKS
=SRC  \\$aGOOGLEBOOKS$bGoogleBooks_20190124
=STA  \\$aSUPPRESSED$bContent doesnt display in UV - temporarily suppressed (1903-1321)
=OHC  \\$a1
=LAS  \\$aW2011-1472$b00$c20201127$lBLL01$h1857

