=LDR  04098 am a22005053  4500
=001  019223984
=003  Uk
=005  20201127185751.0
=007  cr\mn\024mpada
=008  880623|1550|||||||\\\\|s\\\\\|||\||ita\\
=FMT  \\$a  BK
=019  x\$a0854220038
=040  \\$aUk$cUk
=100  1\$aDoni, Anton Francesco,$d1513-1574.
=245  10$aLa Libraria del Doni Fiorentino. Nella quale sono scritti tutti gl'autori uulgari con cento discorsi sopra quelli ... Di nouo ristampata, corretta, e molte cose aggiunte che mancauano.
=264  \1$aVinegia :$bGabriel Giolito de Ferrari,$c1550.
=300  \\$c(12º)
=336  \\$atext$2rdacontent
=337  \\$acomputer$2rdamedia
=338  \\$aonline$2rdacarrier
=340  \\$m12mo$2rdabf
=775  0\$t[La Libraria del Doni Fiorentino. Nella quale sono scritti tutti gl'autori uulgari con cento discorsi sopra quelli ... Di nouo ristampata, corretta, e molte cose aggiunte che mancauano.]$w(Uk)MP1.0001016607.1$dGabriel Gialite de' Ferrari et Fratelli: Vinegia, 1550. 12º.
=775  0\$t[La Libraria del Doni Fiorentino. Nella quale sono scritti tutti gl'autori uulgari con cento discorsi sopra quelli ... Di nouo ristampata, corretta, e molte cose aggiunte che mancauano.]$w(Uk)MP1.0001016607.2$dGabriel Giolito de' Ferrari: Vinegia, 1557. 8º.
=775  0\$t[La Libraria del Doni Fiorentino. Nella quale sono scritti tutti gl'autori uulgari con cento discorsi sopra quelli ... Di nouo ristampata, corretta, e molte cose aggiunte che mancauano.]$w(Uk)MP1.0001016607.5$dVinegia, 1580. 12º.
=859  \\$aXLD$bGOOGLEBOOKS
=883  0\$aLanguage codes assigned by Bayesian analysis of words present in record$d20201028$qUk$c0.9010
=852  4\$cDRT$jDigital Store 618.a.21.(1.)$aBritish Library$bHMNTS
=985  \\$aCorrected by BSS-generated file for WR# 11/006
=985  \\$aCorrected by MS generated file for WR# 1805-0738
=985  \\$aDisaggregated record: Type B
=985  \\$aUpgraded by BSS-generated file for WR2011-1472
=CAT  \\$aBATCH-DCW$b00$c20190125$lBLL01$h0201
=CAT  \\$a1903-1321$c20190319$lBLL01$h1218
=CAT  \\$aW2011-1472$b00$c20201127$lBLL01$h1857
=FIN  \\$aY$d20190125
=LKR  \\$aPAR$b000965719$r775$mLa Libraria del Doni Fiorentino. Nella quale sono scritti tutti gl'autori uulgari con cento discorsi sopra quelli ... Di nouo ristampata, corretta, e molte cose aggiunte che mancauano.$n[La Libraria del Doni Fiorentino. Nella quale sono scritti tutti gl'autori uulgari con cento discorsi sopra quelli ... Di nouo ristampata, corretta, e molte cose aggiunte che mancauano.]
=LKR  \\$aPAR$b000965720$r775$mLa Libraria del Doni Fiorentino. Nella quale sono scritti tutti gl'autori uulgari con cento discorsi sopra quelli ... Di nouo ristampata, corretta, e molte cose aggiunte che mancauano.$n[La Libraria del Doni Fiorentino. Nella quale sono scritti tutti gl'autori uulgari con cento discorsi sopra quelli ... Di nouo ristampata, corretta, e molte cose aggiunte che mancauano.]
=LKR  \\$aPAR$b000965721$r775$mLa Libraria del Doni Fiorentino. Nella quale sono scritti tutti gl'autori uulgari con cento discorsi sopra quelli ... Di nouo ristampata, corretta, e molte cose aggiunte che mancauano.$n[La Libraria del Doni Fiorentino. Nella quale sono scritti tutti gl'autori uulgari con cento discorsi sopra quelli ... Di nouo ristampata, corretta, e molte cose aggiunte che mancauano.]
=LKR  \\$aPAR$lBLL01$r776$b000965718$mLa Libraria del Doni Fiorentino. Nella quale sono scritti tutti gl'autori uulgari con cento discorsi sopra quelli ... Di nouo ristampata, corretta, e molte cose aggiunte che mancauano.$nLa Libraria del Doni Fiorentino. Nella quale sono scritti tutti gl'autori uulgari con cento discorsi sopra quelli ... Di nouo ristampata, corretta, e molte cose aggiunte che mancauano.
=DGM  \\$a000965718$bCatBridge variable field
=DRT  \\$aGOOGLEBOOKS
=SRC  \\$aGOOGLEBOOKS$bGoogleBooks_20190124
=STA  \\$aSUPPRESSED$bContent doesnt display in UV - temporarily suppressed (1903-1321)
=OHC  \\$a1
=LAS  \\$aW2011-1472$b00$c20201127$lBLL01$h1857

