=LDR  01626 am a22004213  4500
=001  019223985
=003  Uk
=005  20201127185751.0
=007  cr\mn\024mpada
=008  880818|1870||||enk\\\\|s\\\\\|||\||eng\\
=FMT  \\$a  BK
=019  x\$a1120360315
=040  \\$aUk$cUk
=100  1\$aFORTESCUE, Chichester Samuel Parkinson,$cBaron Carlingford.
=245  10$aIrish Land Bill. Second Reading. Speech ... March 7th, 1870.
=264  \1$aLondon,$c[1870]
=300  \\$c(8º)
=336  \\$atext$2rdacontent
=337  \\$acomputer$2rdamedia
=338  \\$aonline$2rdacarrier
=340  \\$m8vo$2rdabf
=859  \\$aXLD$bGOOGLEBOOKS
=883  0\$aLanguage codes assigned by Bayesian analysis of words present in record$d20201028$qUk$c0.9010
=852  4\$cDRT$jDigital Store 8145.bbb.4.(10.)$aBritish Library$bHMNTS
=985  \\$aUpgraded by BSS-generated file for WR1910-0531
=985  \\$aUpgraded by BSS-generated file for WR2011-1472
=CAT  \\$aBATCH-DCW$b00$c20190125$lBLL01$h0201
=CAT  \\$a1903-1321$c20190319$lBLL01$h1218
=CAT  \\$aW1910-0531$b00$c20191108$lBLL01$h1836
=CAT  \\$aW2011-1472$b00$c20201127$lBLL01$h1857
=FIN  \\$aY$d20190125
=LKR  \\$aPAR$lBLL01$r776$b001273658$mIrish Land Bill. Second Reading. Speech ... March 7th, 1870.$nIrish Land Bill. Second Reading. Speech ... March 7th, 1870.
=DGM  \\$a001273658$bCatBridge variable field
=DRT  \\$aGOOGLEBOOKS
=SRC  \\$aGOOGLEBOOKS$bGoogleBooks_20190124
=STA  \\$aSUPPRESSED$bContent doesnt display in UV - temporarily suppressed (1903-1321)
=OHC  \\$a1
=LAS  \\$aW2011-1472$b00$c20201127$lBLL01$h1857

