=LDR  02924 am a22004813  4500
=001  019223986
=003  Uk
=005  20201127185751.0
=007  cr\mn\024mpada
=008  960621|1760|||||||\\\\|s\\\\\|||\||eng\\
=FMT  \\$a  BK
=019  x\$a1124640118
=040  \\$aUk$cUk
=100  1\$aBerridge, John.
=245  13$a[A Fragment of the True Religion. Being the substance of two letters from a Methodist Preacher in Cambridgeshire [i.e. John Berridge], to a Clergyman in Nottinghamshire. [The address to the reader signed: Faith Workless.]]
=250  \\$a[Another edition.] Justification by Faith alone: being the substance of a letter from the Rev. Mr. Berridge, in Cambridgeshire, to a clergyman in Nottinghamshire; giving an account of a great work of God wrought in his own heart, &c. To which is here added ... a word or two upon Justification by Faith [by John Wesley], etc.
=264  \1$aTaunton :$bHenry Norris,$c[1760?]
=300  \\$a19 pages ;$c(8º)
=336  \\$atext$2rdacontent
=337  \\$acomputer$2rdamedia
=338  \\$aonline$2rdacarrier
=340  \\$m8vo$2rdabf
=500  \\$aIn this and subsequent editions the second letter is omitted.
=787  0\$tA Fragment of the True Religion. Being the substance of two letters from a Methodist Preacher in Cambridgeshire [i.e. John Berridge], to a Clergyman in Nottinghamshire. [The address to the reader signed: Faith Workless.]$w(Uk)MP1.0001352822$dpp. vi. 25. For J. Williams: London, 1760. 8º.
=859  \\$aXLD$bGOOGLEBOOKS
=883  0\$aLanguage codes assigned by Bayesian analysis of words present in record$d20201028$qUk$c0.9010
=852  4\$cDRT$jDigital Store 4257.i.3.(8.)$aBritish Library$bHMNTS
=985  \\$aCorrected by BSS-generated file
=985  \\$aCorrected by MS generated file for WR# 12/211
=985  \\$aCorrected by MS generated file for WR# 1805-0738
=985  \\$aDisaggregated record: Type B
=985  \\$aUpgraded by BSS-generated file for WR2011-1472
=CAT  \\$aBATCH-DCW$b00$c20190125$lBLL01$h0201
=CAT  \\$a1903-1321$c20190319$lBLL01$h1218
=CAT  \\$aW2011-1472$b00$c20201127$lBLL01$h1857
=FIN  \\$aY$d20190125
=LKR  \\$aPAR$lBLL01$r776$b001283924$m[A Fragment of the True Religion. Being the substance of two letters from a Methodist Preacher in Cambridgeshire [i.e. John Berridge], to a Clergyman in Nottinghamshire. [The address to the reader signed: Faith Workless.]]$n[A Fragment of the True Religion. Being the substance of two letters from a Methodist Preacher in Cambridgeshire [i.e. John Berridge], to a Clergyman in Nottinghamshire. [The address to the reader signed: Faith Workless.]]
=DGM  \\$a001283924$bCatBridge variable field
=DRT  \\$aGOOGLEBOOKS
=SRC  \\$aGOOGLEBOOKS$bGoogleBooks_20190124
=STA  \\$aSUPPRESSED$bContent doesnt display in UV - temporarily suppressed (1903-1321)
=OHC  \\$a1
=LAS  \\$aW2011-1472$b00$c20201127$lBLL01$h1857

