=LDR  01917 am a22004213  4500
=001  019223987
=003  Uk
=005  20201127185751.0
=007  cr\mn\024mpada
=008  880801|1750|||||||\\\\|s\\\\\|||\||spa\\
=FMT  \\$a  BK
=019  x\$a1194190227
=040  \\$aUk$cUk
=100  1\$aGARCIA HERNÁNDEZ, Francisco.
=245  10$aCarta publica al oculto autor del manuescrito intitulado: discurso contra el discurso de la Alma Brutàl, que ha sacado à luz Don Francisco Garcia Hernandez.
=264  \1$aMadrid,$c1750.
=300  \\$a14 pages ;$c(4º)
=336  \\$atext$2rdacontent
=337  \\$acomputer$2rdamedia
=338  \\$aonline$2rdacarrier
=340  \\$m4to$2rdabf
=859  \\$aXLD$bGOOGLEBOOKS
=883  0\$aLanguage codes assigned by Bayesian analysis of words present in record$d20201028$qUk$c0.9010
=852  4\$cDRT$jDigital Store 1509/1534.(4.)$aBritish Library$bHMNTS
=985  \\$aCorrected by BSS-generated file for WR# 11/031
=985  \\$aCorrected by MS generated file for WR# 1805-0738
=985  \\$aUpgraded by BSS-generated file for WR2011-1472
=CAT  \\$aBATCH-DCW$b00$c20190125$lBLL01$h0201
=CAT  \\$a1903-1321$c20190319$lBLL01$h1218
=CAT  \\$aW2011-1472$b00$c20201127$lBLL01$h1857
=FIN  \\$aY$d20190125
=LKR  \\$aPAR$lBLL01$r776$b001363040$mCarta publica al oculto autor del manuescrito intitulado: discurso contra el discurso de la Alma Brutàl, que ha sacado à luz Don Francisco Garcia Hernandez.$nCarta publica al oculto autor del manuescrito intitulado: discurso contra el discurso de la Alma Brutàl, que ha sacado à luz Don Francisco Garcia Hernandez.
=DGM  \\$a001363040$bCatBridge variable field
=DRT  \\$aGOOGLEBOOKS
=SRC  \\$aGOOGLEBOOKS$bGoogleBooks_20190124
=STA  \\$aSUPPRESSED$bContent doesnt display in UV - temporarily suppressed (1903-1321)
=OHC  \\$a1
=LAS  \\$aW2011-1472$b00$c20201127$lBLL01$h1857

