=LDR  01389 am a22003853  4500
=001  019223989
=003  Uk
=005  20191025175727.0
=007  cr\mn\024mpada
=008  890224|1842||||xxu\\\\|s\\\\\|||\||eng\\
=FMT  \\$a  BK
=019  x\$a1922800201
=040  \\$aUk$cUk
=100  1\$aLilly, Lambert.
=245  14$aThe history of the Middle States, illustrated by tales, sketches, etc.
=264  \1$aBoston, [Mass.],$c1842.
=300  \\$c(12º)
=336  \\$atext$2rdacontent
=337  \\$acomputer$2rdamedia
=338  \\$aonline$2rdacarrier
=340  \\$m12mo$2rdabf
=859  \\$aXLD$bGOOGLEBOOKS
=852  4\$cDRT$jDigital Store 1447.a.11.$aBritish Library$bHMNTS
=985  \\$aUpgraded by BSS-generated file for WR1910-0531
=CAT  \\$aBATCH-DCW$b00$c20190125$lBLL01$h0201
=CAT  \\$a1903-1321$c20190319$lBLL01$h1218
=CAT  \\$aW1910-0531$b00$c20191025$lBLL01$h1757
=FIN  \\$aY$d20190125
=LKR  \\$aPAR$lBLL01$r776$b002169754$mThe history of the Middle States, illustrated by tales, sketches, etc.$nThe history of the Middle States, illustrated by tales, sketches, etc.
=DGM  \\$a002169754$bCatBridge variable field
=DRT  \\$aGOOGLEBOOKS
=SRC  \\$aGOOGLEBOOKS$bGoogleBooks_20190124
=STA  \\$aSUPPRESSED$bContent doesnt display in UV - temporarily suppressed (1903-1321)
=OHC  \\$a1
=LAS  \\$aW1910-0531$b00$c20191025$lBLL01$h1757

