=LDR  01488 am a22003853  4500
=001  019223990
=003  Uk
=005  20190319121858.0
=007  cr\mn\024mpada
=008  891128|1683||||enk\\\\|s\\\\\|||\||eng\\
=FMT  \\$a  BK
=019  x\$a2653210207
=040  \\$aUk$cUk
=100  1\$aPRICE, Peter,$cof the Society of Friends.
=245  14$aThe Unequal Unyoked, and the Equal Yoked, etc. [An attack on the Church of England.]
=264  \1$aLondon :$bAndrew Sowle,$c1683.
=300  \\$a20 pages ;$c(4º)
=336  \\$atext$2rdacontent
=337  \\$acomputer$2rdamedia
=338  \\$aonline$2rdacarrier
=340  \\$m4to$2rdabf
=859  \\$aXLD$bGOOGLEBOOKS
=852  4\$cDRT$jDigital Store 4152.f.23.(4.)$aBritish Library$bHMNTS
=985  \\$aCorrected by BSS-generated file for WR# 11/048
=985  \\$aCorrected by MS generated file for WR# 1805-0738
=CAT  \\$aBATCH-DCW$b00$c20190125$lBLL01$h0201
=CAT  \\$a1903-1321$c20190319$lBLL01$h1218
=FIN  \\$aY$d20190125
=LKR  \\$aPAR$lBLL01$r776$b002987978$mThe Unequal Unyoked, and the Equal Yoked, etc. [An attack on the Church of England.]$nThe Unequal Unyoked, and the Equal Yoked, etc. [An attack on the Church of England.]
=DGM  \\$a002987978$bCatBridge variable field
=DRT  \\$aGOOGLEBOOKS
=SRC  \\$aGOOGLEBOOKS$bGoogleBooks_20190124
=STA  \\$aSUPPRESSED$bContent doesnt display in UV - temporarily suppressed (1903-1321)
=OHC  \\$a1
=LAS  \\$a1903-1321$b00$c20190319$lBLL01$h1218

