=LDR  01656 am a22004093  4500
=001  019223991
=003  Uk
=005  20191108185537.0
=007  cr\mn\024mpada
=008  900425|1850||||stk\\\\|s\\\\\|||\||eng\\
=FMT  \\$a  BK
=019  x\$a3102720013
=040  \\$aUk$cUk
=100  1\$aSPRING, Gardiner.
=245  14$aThe Mercy Seat: thoughts suggested by the Lord's Prayer.
=264  \1$aEdinburgh [printed], London,$c1850.
=300  \\$c(12º)
=336  \\$atext$2rdacontent
=337  \\$acomputer$2rdamedia
=338  \\$aonline$2rdacarrier
=340  \\$m12mo$2rdabf
=775  0\$t[The Mercy Seat: thoughts suggested by the Lord's Prayer.]$w(Uk)MP1.0003704813.1$dGlasgow [printed] and London, [1850.] 8º.
=859  \\$aXLD$bGOOGLEBOOKS
=852  4\$cDRT$jDigital Store 4375.c.29.$aBritish Library$bHMNTS
=985  \\$aUpgraded by BSS-generated file for WR1910-0531
=CAT  \\$aBATCH-DCW$b00$c20190125$lBLL01$h0201
=CAT  \\$a1903-1321$c20190319$lBLL01$h1218
=CAT  \\$aW1910-0531$b00$c20191108$lBLL01$h1855
=FIN  \\$aY$d20190125
=LKR  \\$aPAR$b003468145$r775$mThe Mercy Seat: thoughts suggested by the Lord's Prayer.$n[The Mercy Seat: thoughts suggested by the Lord's Prayer.]
=LKR  \\$aPAR$lBLL01$r776$b003468144$mThe Mercy Seat: thoughts suggested by the Lord's Prayer.$nThe Mercy Seat: thoughts suggested by the Lord's Prayer.
=DGM  \\$a003468144$bCatBridge variable field
=DRT  \\$aGOOGLEBOOKS
=SRC  \\$aGOOGLEBOOKS$bGoogleBooks_20190124
=STA  \\$aSUPPRESSED$bContent doesnt display in UV - temporarily suppressed (1903-1321)
=OHC  \\$a1
=LAS  \\$aW1910-0531$b00$c20191108$lBLL01$h1855

