=LDR  01617 am a22003733  4500
=001  019223995
=003  Uk
=005  20190319121858.0
=007  cr\mn\024mpada
=008  900912s1813\\\\xxu\\\\|s\\\\\|||\||moh\\
=FMT  \\$a  BK
=019  x\$a3514890145
=040  \\$aUk$cUk
=100  1\$aWilliams, Eleazar,$d1787-1858
=245  10$aGood News to the Iroquois Nation. A tract, on Man's primitive Rectitude, his fall, and his recovery through Jesus Christ. [In the Iroquois language.]
=264  \1$aBurlington, Vt :$bSamuel Mills,$c1813.
=300  \\$a12 pages ;$c(12º)
=336  \\$atext$2rdacontent
=337  \\$acomputer$2rdamedia
=338  \\$aonline$2rdacarrier
=340  \\$m12mo$2rdabf
=859  \\$aXLD$bGOOGLEBOOKS
=852  4\$cDRT$jDigital Store 4379.b.2.(5.)$aBritish Library$bHMNTS
=985  \\$aCorrected by MS generated file for WR# 1805-0738
=CAT  \\$aBATCH-DCW$b00$c20190125$lBLL01$h0201
=CAT  \\$a1903-1321$c20190319$lBLL01$h1218
=FIN  \\$aY$d20190125
=LKR  \\$aPAR$lBLL01$r776$b003932265$mGood News to the Iroquois Nation. A tract, on Man's primitive Rectitude, his fall, and his recovery through Jesus Christ. [In the Iroquois language.]$nGood News to the Iroquois Nation. A tract, on Man's primitive Rectitude, his fall, and his recovery through Jesus Christ. [In the Iroquois language.]
=DGM  \\$a003932265$bCatBridge variable field
=DRT  \\$aGOOGLEBOOKS
=SRC  \\$aGOOGLEBOOKS$bGoogleBooks_20190124
=STA  \\$aSUPPRESSED$bContent doesnt display in UV - temporarily suppressed (1903-1321)
=OHC  \\$a1
=LAS  \\$a1903-1321$b00$c20190319$lBLL01$h1218

