=LDR  02710 am a22004213  4500
=001  018814847
=003  Uk
=005  20190319121857.0
=007  cr\mn\024mpada
=008  880126|1608|||||||\\\\|s\\\\||||\||hun\\
=FMT  \\$a  BK
=019  x\$a0284720003
=040  \\$aUk$cUk
=130  0\$aBible.Hungarian
=245  10$aSzent Biblia, az az: Istennec ô es uy Testamento-manac Prophetac es Apastaloc átal megiratott szent könyvei. Magyar nyelyvre forditatott ... Caroli Caspar előljarobeszédével [i.e. by Gaspar Károlyi]. Ez masodic kinyomtatast igazgatta néhol megis jobbitotta Szenci Molnar Albert. [With chapter-headings and marginal references.]
=264  \1$aNyomtatott Halbejus J. által, Levinus Hultzius örökösinec költségével :$bHanoviaban,$c1608.
=300  \\$a588, 224 pages. 194 [186]. 254 ;$c(4º)
=336  \\$atext$2rdacontent
=337  \\$acomputer$2rdamedia
=338  \\$aonline$2rdacarrier
=340  \\$m4to$2rdabf
=500  \\$aA revised version of Károlyi's Bible of 1590. A presentation copy from the editor to Dr. Hermann Wolf. Pagination irregular. P. 220 of Lesser Prophets paged 120. Pp. 200 and 201 of New Testament both misnumbered 101. Apocrypha pp. 185-6 misnumbered 193-4.
=859  \\$aXLD$bGOOGLEBOOKS
=852  4\$cDRT$jDigital Store 1411.k.15.(1.)$aBritish Library$bHMNTS
=985  \\$aEnhanced by MS generated file for WR# 13/021
=985  \\$aCorrected by MS generated file for WR# 1805-0738
=CAT  \\$aBATCH-DCW$b00$c20180328$lBLL01$h0201
=CAT  \\$a1805-0738$c20190111$lBLL01$h1813
=CAT  \\$a1805-0738$b00$c20190111$lBLL01$h1832
=CAT  \\$a1903-1321$c20190319$lBLL01$h1218
=FIN  \\$aY$d20180328
=LKR  \\$aPAR$lBLL01$r776$b000315884$mSzent Biblia, az az: Istennec ô es uy Testamento-manac Prophetac es Apastaloc átal megiratott szent könyvei. Magyar nyelyvre forditatott ... Caroli Caspar előljarobeszédével [i.e. by Gaspar Károlyi]. Ez masodic kinyomtatast igazgatta néhol megis jobbitotta Szenci Molnar Albert. [With chapter-headings and marginal references.]$nSzent Biblia, az az: Istennec ô es uy Testamento-manac Prophetac es Apastaloc átal megiratott szent könyvei. Magyar nyelyvre forditatott ... Caroli Caspar előljarobeszédével [i.e. by Gaspar Károlyi]. Ez masodic kinyomtatast igazgatta néhol megis jobbitotta Szenci Molnar Albert. [With chapter-headings and marginal references.]
=DGM  \\$a000315884$bCatBridge variable field
=DRT  \\$aGOOGLEBOOKS
=SRC  \\$aGOOGLEBOOKS$bGoogleBooks_20180327
=STA  \\$aSUPPRESSED$bContent doesnt display in UV - temporarily suppressed (1903-1321)
=OHC  \\$a1
=LAS  \\$a1903-1321$b00$c20190319$lBLL01$h1218

