=LDR  01543 am a22004333  4500
=001  018389138
=003  Uk
=005  20200626192212.0
=007  cr\mn\024mpada
=008  870813s1915\\\\|||\\\\|s\\\\\|||\||eng\\
=FMT  \\$a  BK
=019  x\$a0012680133
=040  \\$aUk$cUk
=041  \\$aeng$ayid
=100  1\$aAbelson, Paul.
=245  10$aEnglish-Yiddish Encyclopedic Dictionary :$ba complete lexicon and work of reference in all departments of knowledge. Prepared under the editorship of P. Abelson.
=264  \1$aNew York :$bJewish Press Publishing Co,$c1915.
=300  \\$axviii, 1749, vi pages ;$c(8º)
=336  \\$atext$2rdacontent
=337  \\$acomputer$2rdamedia
=338  \\$aonline$2rdacarrier
=859  \\$aXLD$bGOOGLEBOOKS
=852  4\$cDRT$jDigital Store 1502/381.$aBritish Library$bHMNTS
=985  \\$aUpgraded by BSS-generated file for WR1910-0531
=CAT  \\$aBATCH-DCW$b00$c20170623$lBLL01$h0201
=CAT  \\$aR1710-0956$b00$c20171120$lBLL01$h1719
=CAT  \\$a1805-0738$c20190111$lBLL01$h1801
=CAT  \\$a1805-0738$b00$c20190111$lBLL01$h1824
=CAT  \\$a10932$b40$c20190122$lBLL01$h1438
=CAT  \\$a10932$b40$c20190122$lBLL01$h1441
=CAT  \\$aW1910-0531$b00$c20200417$lBLL01$h1911
=CAT  \\$aW2001-2376$c20200626$lBLL01$h1922
=FIN  \\$aY$d20170623
=DGM  \\$a000006093$bCatBridge variable field
=DRT  \\$aGOOGLEBOOKS
=SRC  \\$aGOOGLEBOOKS$bGoogleBooks_20170622
=STA  \\$aSUPPRESSED$bStill in copyright
=OHC  \\$a1
=LAS  \\$aW2001-2376$b00$c20200626$lBLL01$h1922

