=LDR  02746 am a22004453  4500
=001  016772889
=003  Uk
=005  20210625182143.0
=007  cr\mn\024mpada
=008  891228r19611792sa\\\\\|s\\\\\|||\||dut\\
=FMT  \\$a  BK
=019  x\$a2720310336
=040  \\$aUk$cUk
=100  1\$aREDELINGHUYS, Johannes Henricus.
=245  13$aDe Eerloosheid ontmaskerd, in de openbaare verdediginge van de eere en het gehouden gedrag van Johannes Henricus Redelinghuys: tegen de mishandelinge zyner gewezene lastgeevers en derzelver medestanders; en inzonderheid, de zich noemende repræsentanten der klaagende en redres-verzoekende burgerye van de Kaap de Goede Hoop, etc.
=264  \1$a[Pretoria],$c[1961]
=300  \\$axiii, 200 pages ;$c(8º)
=336  \\$atext$2rdacontent
=337  \\$acomputer$2rdamedia
=338  \\$aonline$2rdacarrier
=500  \\$aA facsimile edition, issued by the University of Pretoria. Originally published: Amsterdam, 1792.
=859  \\$aXLD$bGOOGLEBOOKS
=883  0\$aLanguage codes assigned by Bayesian analysis of words present in record$d20181024$qUk$c0.997
=852  4\$cDRT$jDigital Store 9105.ee.13.$aBritish Library$bHMNTS
=985  \\$aCorrected by MS generated file for WR# 11/211
=985  \\$aCorrected by MS generated file for WR# 1805-0738
=CAT  \\$aBATCH-DCW$b00$c20140708$lBLL01$h0203
=CAT  \\$a1805-0738$c20181228$lBLL01$h1841
=CAT  \\$a1805-0738$b00$c20181228$lBLL01$h1925
=CAT  \\$aW1903-1550$b00$c20190614$lBLL01$h1846
=CAT  \\$a9477$b40$c20210209$lBLL01$h1549
=CAT  \\$aW2001-2376$c20210625$lBLL01$h1821
=FIN  \\$aY$d20140708
=LKR  \\$aPAR$lBLL01$r776$b003056088$mDe Eerloosheid ontmaskerd, in de openbaare verdediginge van de eere en het gehouden gedrag van Johannes Henricus Redelinghuys: tegen de mishandelinge zyner gewezene lastgeevers en derzelver medestanders; en inzonderheid, de zich noemende repræsentanten der klaagende en redres-verzoekende burgerye van de Kaap de Goede Hoop, etc.$nDe Eerloosheid ontmaskerd, in de openbaare verdediginge van de eere en het gehouden gedrag van Johannes Henricus Redelinghuys: tegen de mishandelinge zyner gewezene lastgeevers en derzelver medestanders; en inzonderheid, de zich noemende repræsentanten der klaagende en redres-verzoekende burgerye van de Kaap de Goede Hoop, etc.
=DGM  \\$a003056088$bCatBridge variable field
=DRT  \\$aGOOGLEBOOKS
=SRC  \\$aGOOGLEBOOKS$bGoogleBooks_20140707
=STA  \\$aSUPPRESSED$bOut-of-scope publication date for GoogleBooks project. Digitised in error as date in 008 was incorrect at the time of digitisation (date of original only instead of date of facsimile and of original).
=OHC  \\$a1
=LAS  \\$aW2001-2376$b00$c20210625$lBLL01$h1821

