=LDR  01337 am a22004093  4500
=001  017020422
=003  Uk
=005  20200626185214.0
=007  cr\mn\024mpada
=008  970320s1925\\\\fr\\\\\|s\\\\\|||\||fre\\
=FMT  \\$a  BK
=019  x\$a1841840270
=040  \\$aUk$cUk
=100  1\$aLANSON, Gustave.
=245  10$aManuel bibliographique de la littérature française moderne.
=250  \\$aNouvelle édition, revue et corrigée.
=264  \1$aParis,$c1925.
=300  \\$axxxii, 1820 pages ;$c(8º)
=336  \\$atext$2rdacontent
=337  \\$acomputer$2rdamedia
=338  \\$aonline$2rdacarrier
=859  \\$aXLD$bGOOGLEBOOKS
=852  4\$cDRT$jDigital Store 11913.c.17.$aBritish Library$bHMNTS
=985  \\$aCorrected by MS generated file for WR# 1805-0738
=CAT  \\$aBATCH-DCW$b00$c20150121$lBLL01$h0202
=CAT  \\$aWR15_122$c20151024$lBLL01$h1916
=CAT  \\$a1805-0738$c20190104$lBLL01$h1756
=CAT  \\$a1805-0738$b00$c20190104$lBLL01$h1842
=CAT  \\$a10932$b40$c20190122$lBLL01$h1441
=CAT  \\$aW2001-2376$c20200626$lBLL01$h1852
=FIN  \\$aY$d20150121
=DGM  \\$a002074478$bCatBridge variable field
=DRT  \\$aGOOGLEBOOKS
=SRC  \\$aGOOGLEBOOKS$bGoogleBooks_20150120
=STA  \\$aSUPPRESSED$bStill in copyright
=OHC  \\$a1
=LAS  \\$aW2001-2376$b00$c20200626$lBLL01$h1852

